<record><leader>00000cas a2200000 a 4500</leader><controlfield tag="001">18634094</controlfield><controlfield tag="008">881019d19621962wauwr ne      0    0eng d</controlfield><datafield ind1=" " ind2=" " tag="010"><subfield code="a">sn 88087119 </subfield></datafield><datafield ind1=" " ind2=" " tag="040"><subfield code="a">SLZ</subfield><subfield code="b">eng</subfield><subfield code="c">SLZ</subfield><subfield code="d">OCL</subfield><subfield code="d">OCLCQ</subfield></datafield><datafield ind1=" " ind2=" " tag="042"><subfield code="a">msc</subfield></datafield><datafield ind1=" " ind2=" " tag="043"><subfield code="a">n-us-wa</subfield></datafield><datafield ind1="0" ind2="0" tag="245"><subfield code="a">Allyn Bay breeze.</subfield></datafield><datafield ind1="3" ind2="0" tag="246"><subfield code="a">Allyn scoopsheet</subfield></datafield><datafield ind1=" " ind2=" " tag="260"><subfield code="a">Allyn, Wash. :</subfield><subfield code="b">Firemen's Assn.</subfield></datafield><datafield ind1=" " ind2=" " tag="300"><subfield code="a">v.</subfield></datafield><datafield ind1=" " ind2=" " tag="310"><subfield code="a">Weekly</subfield></datafield><datafield ind1="0" ind2=" " tag="362"><subfield code="a">Vol. 1, no. 1 (June 14, 1962)-v. 1, no. 20 (Nov. 1, 1962).</subfield></datafield><datafield ind1=" " ind2="0" tag="651"><subfield code="a">Allyn (Wash.)</subfield><subfield code="v">Newspapers.</subfield></datafield><datafield ind1=" " ind2=" " tag="752"><subfield code="a">United States</subfield><subfield code="b">Washington</subfield><subfield code="c">Mason</subfield><subfield code="d">Allyn.</subfield></datafield><datafield ind1="0" ind2="0" tag="785"><subfield code="t">North Mason news</subfield><subfield code="w">(DLC)sn 88087118</subfield></datafield></record>